@comment{This file has been generated by Pybliographer}


@Article{entry-1,
  Title          = {Fil's stuff about semantic, link and text similarity}
}

@Book{gibson1998iwc,
  Author         = {Gibson, David and Kleinberg, Jon and Raghavan,
                   Prabhakar},
  Title          = {{Inferring Web communities from link topology}},
  Publisher      = {ACM Press New York, NY, USA},
  year           = 1998
}

@Article{dean1999frp,
  Author         = {Dean, Jeffrey and Henzinger, Monika R.},
  Title          = {{Finding related pages in the World Wide Web}},
  Journal        = {WWW8 / Computer Networks},
  Volume         = {31},
  Number         = {11-16},
  Pages          = {1467--1479},
  year           = 1999
}

@Article{JavaCrawler,
  Author         = {Pant, Gautam and Srinivasan, P. and Menczer, Filippo},
  Title          = {Multi-threaded crawlers in {J}ava},
  url            = {http://informatics.indiana.edu/fil/IS/JavaCrawlers/},
  year           = 2004
}

@Article{Jung,
  Author         = {O'Madadhain, Joshua and Fisher, Danyel and Nelson, Tom
                   and White, Scott and Boey, Yan-Biao},
  Title          = {Java {U}niversal {N}etwork/{G}raph {F}ramework},
  url            = {http://jung.sourceforge.net/},
  year           = 2003
}

@Article{entry-2,

}

