@comment{This file has been generated by Pybliographer}


@Article{Jung,
  Author         = {O'Madadhain, Joshua and Fisher, Danyel and Nelson, Tom
                   and White, Scott and Boey, Yan-Biao},
  Title          = {Java {U}niversal {N}etwork/{G}raph {F}ramework},
  url            = {http://jung.sourceforge.net/}
}

@Article{JavaCrawler,
  Author         = {Pant, Gautam and Srinivasan, P. and Menczer, Filippo},
  Title          = {Multi-threaded crawlers in {J}ava},
  url            = {http://informatics.indiana.edu/fil/IS/JavaCrawlers/},
  year           = 2004
}

